<record><leader>00000cas a2200000 i 4500</leader><controlfield tag="001">839679450</controlfield><controlfield tag="006">m     o  d        </controlfield><controlfield tag="007">cr |||||||||||</controlfield><controlfield tag="008">130417d18831911vtuwr ne      0   a0eng  </controlfield><datafield ind1=" " ind2=" " tag="010"><subfield code="a">  2013218739</subfield></datafield><datafield ind1=" " ind2=" " tag="040"><subfield code="a">DLC</subfield><subfield code="b">eng</subfield><subfield code="e">rda</subfield><subfield code="c">DLC</subfield><subfield code="d">OCLCQ</subfield><subfield code="d">OCLCA</subfield><subfield code="d">OCLCF</subfield></datafield><datafield ind1=" " ind2=" " tag="019"><subfield code="a">688490440</subfield></datafield><datafield ind1="0" ind2=" " tag="022"><subfield code="a">2328-3645</subfield><subfield code="2">1</subfield></datafield><datafield ind1=" " ind2=" " tag="042"><subfield code="a">pcc</subfield><subfield code="a">nsdp</subfield></datafield><datafield ind1=" " ind2=" " tag="043"><subfield code="a">n-us-vt</subfield></datafield><datafield ind1="1" ind2="0" tag="050"><subfield code="a">ISSN RECORD</subfield></datafield><datafield ind1="0" ind2="0" tag="082"><subfield code="a">071</subfield><subfield code="2">23</subfield></datafield><datafield ind1="0" ind2=" " tag="130"><subfield code="a">Vermont watchman (Montpelier, Vt. : 1883 : Online)</subfield></datafield><datafield ind1=" " ind2="4" tag="222"><subfield code="a">The Vermont watchman</subfield><subfield code="b">(Montpelier, Vt. 1883. Online)</subfield></datafield><datafield ind1="1" ind2="4" tag="245"><subfield code="a">The Vermont watchman.</subfield></datafield><datafield ind1="1" ind2="3" tag="246"><subfield code="a">Watchman &amp; journal</subfield></datafield><datafield ind1="1" ind2="7" tag="246"><subfield code="a">Vermont watchman &amp; State journal</subfield></datafield><datafield ind1=" " ind2="1" tag="264"><subfield code="a">Montpelier, Vt. :</subfield><subfield code="b">W.W. Prescott,</subfield><subfield code="c">1883-</subfield></datafield><datafield ind1=" " ind2=" " tag="310"><subfield code="a">Weekly</subfield></datafield><datafield ind1=" " ind2=" " tag="336"><subfield code="a">text</subfield><subfield code="b">txt</subfield><subfield code="2">rdacontent</subfield></datafield><datafield ind1=" " ind2=" " tag="337"><subfield code="a">computer</subfield><subfield code="b">c</subfield><subfield code="2">rdamedia</subfield></datafield><datafield ind1=" " ind2=" " tag="338"><subfield code="a">online resource</subfield><subfield code="b">cr</subfield><subfield code="2">rdacarrier</subfield></datafield><datafield ind1="1" ind2=" " tag="362"><subfield code="a">Began with vol. 78--4000, no. 35 (June 13, 1883).</subfield></datafield><datafield ind1="1" ind2=" " tag="362"><subfield code="a">Ceased in 1911 .</subfield><subfield code="z">Cf. Gregory, W. Amer. newspapers.</subfield></datafield><datafield ind1=" " ind2=" " tag="525"><subfield code="a">Has occasional supplements.</subfield></datafield><datafield ind1=" " ind2=" " tag="530"><subfield code="a">Also issued on microfilm from the Library of Congress, Photoduplication Service.</subfield></datafield><datafield ind1=" " ind2=" " tag="530"><subfield code="a">Also issued in print.</subfield></datafield><datafield ind1=" " ind2=" " tag="580"><subfield code="a">Also published in a daily ed. during sessions of the legislature called: Montpelier daily journal.</subfield></datafield><datafield ind1=" " ind2=" " tag="588"><subfield code="a">Description based on print version record.</subfield></datafield><datafield ind1=" " ind2=" " tag="588"><subfield code="a">Latest issue consulted: Vol. 106, number 68 (December 15, 1910) (Chroniclingamerica.loc.gov, viewed Apr. 17, 2013).</subfield></datafield><datafield ind1=" " ind2="0" tag="651"><subfield code="a">Montpelier (Vt.)</subfield><subfield code="v">Newspapers.</subfield></datafield><datafield ind1=" " ind2="0" tag="651"><subfield code="a">Washington County (Vt.)</subfield><subfield code="v">Newspapers.</subfield></datafield><datafield ind1=" " ind2="0" tag="651"><subfield code="a">Vermont</subfield><subfield code="v">Newspapers.</subfield></datafield><datafield ind1=" " ind2="7" tag="655"><subfield code="a">Newspapers.</subfield><subfield code="2">fast</subfield><subfield code="0">(OCoLC)fst01423814</subfield></datafield><datafield ind1=" " ind2="7" tag="651"><subfield code="a">Vermont.</subfield><subfield code="2">fast</subfield><subfield code="0">(OCoLC)fst01204305</subfield></datafield><datafield ind1=" " ind2="7" tag="651"><subfield code="a">Vermont</subfield><subfield code="z">Montpelier.</subfield><subfield code="2">fast</subfield><subfield code="0">(OCoLC)fst01208013</subfield></datafield><datafield ind1=" " ind2="7" tag="651"><subfield code="a">Vermont</subfield><subfield code="z">Washington County.</subfield><subfield code="2">fast</subfield><subfield code="0">(OCoLC)fst01221123</subfield></datafield><datafield ind1=" " ind2=" " tag="752"><subfield code="a">United States</subfield><subfield code="b">Vermont</subfield><subfield code="c">Washington</subfield><subfield code="d">Montpelier.</subfield></datafield><datafield ind1="1" ind2=" " tag="775"><subfield code="t">Montpelier daily journal (Montpelier, Vt. : 1868 : Online)</subfield></datafield><datafield ind1="1" ind2=" " tag="776"><subfield code="t">Vermont watchman (Montpelier, Vt. : 1883)</subfield><subfield code="x">2328-3637</subfield><subfield code="w">(DLC)sn 86071719</subfield><subfield code="w">(OCoLC)13907422</subfield></datafield><datafield ind1="0" ind2="0" tag="780"><subfield code="t">Vermont watchman and State journal (Online)</subfield></datafield><datafield ind1="4" ind2="1" tag="856"><subfield code="u">http://chroniclingamerica.loc.gov/lccn/sn86071719/issues/</subfield></datafield></record>